@book{akirichards2002book,
  title={Quantitative seismology, 2nd Ed.},
  author={Aki, K and Richards, PG},
  year={2002},
  publisher={University Science Books}
}

@article{aki1977jgr,
  title={Determination of the three‐dimensional seismic structure of the lithosphere},
  author={Aki, K and Christoffersson, A and Husebye, E S},
  journal={J. Geophys. Res},
  volume={82},
  pages={277-296},
  year={1977}
}

@article{backus1962jgr,
  title={Long‐wave elastic anisotropy produced by horizontal layering},
  author={Backus, GE},
  journal={J. Geophys. Res.},
  volume={67},
  number={11},
  pages={4427–4440},
  doi ={10.1029/JZ067i011p04427},
  year={1962}
}

@article{becker2006epsl,
  title={Mantle flow under the western United States from shear wave splitting},
  author={Becker, TW and Schulte-Pelkum, V and Blackman, DK and Kellogg, JB and O'Connel, RJ},
  journal={Earth Planet. Sci. Lett.},
  volume={247},
  pages={235-251},
  year={2006}
}

@article{bezada2016g3,
  title={Representing anisotropic subduction zones with isotropic velocity models: A characterization of the problem and some steps on a possible path forward},
  author={Bezada, M and Faccenda, M and Toomey, DR},
  journal={Geochem. Geophys. Geosyst.},
  doi ={10.1002/2016GC006507},
  year={2016}
}

@article{bodmer2020,
  title={?},
  author={VanderBeek, BP and Bodmer, M and Faccenda, M},
  journal={Earth Planet. Sci. Lett.},
  volume={406},
  pages={213-222},
  year={under preparation}
}

@article{boneh2014epsl,
  title={The effect of deformation history on the evolution of olivine CPO},
  author={Boneh, Y. and Skemer, P.},
  journal={Earth Planet. Sci. Lett.},
  volume={406},
  pages={213-222},
  year={2014}
}

@article{browaeys2004gji,
  title={Decomposition of the elastic tensor and geophysical applications},
  author={Browaeys, TJ and Chevrot, S},
  journal={Geophys. J. Int.},
  volume={159},
  pages={667-678},
  doi ={10.1111/j.1365-246X.2004.02415.x},
  year={2004}
}

@article{chai1997jgr,
  title={The elastic constants of an aluminous orthopyroxene to 12.5 GPa},
  author={Chai, M and Brown, JM and Slutski, LJ},
  journal={J. Geophys. Res.},
  volume={102},
  number={14},
  pages={779-785},
  year={1992}
}

@article{chai1997grl,
  title={The elastic constants of a pyrope-grossular-almandine garnet to 20 Gpa},
  author={Chai, M and Brown, JM},
  journal={Geophys. Res. Lett.},
  volume={24},
  number={5},
  pages={523-526},
  year={1997}
}

@article{chang2016natcomm,
  title={Upper- and mid-mantle interaction between the Samoan plume and the Tonga–Kermadec slabs},
  author={Chang, S-J and Ferreira, AMG and Faccenda, M},
  journal={Nat. Comm.},
  volume={7},
  doi ={10.1038/ncomms10799},
  year={2016}
}

@article{chemia2015jgr,
  title={Thermal effects of variable material properties and metamorphic reactions in a three-component subducting slab},
  author={Chemia, Z and Dolejš, D and Steinle-Neumann, G},
  journal={J. Geophys. Res.},
  volume={120},
  pages={6823-6845},
  year={2015}
}

@article{chust2017jgr,
  title={MMA-EoS: A Computational Framework for Mineralogical Thermodynamics},
  author={Chust, TC and Steinle-Neumann, GS and Dolejs, D and Schuberth, BSA and Bunge, H-P},
  journal={J. Geophys. Res.},
  volume={122},
  pages={9881-9920},
  doi ={10.1002/2017JB014501},
  year={2017}
}

@article{connolly2009g3,
  title={The geodynamic equation of state: what and how},
  author={Connolly, JAD},
  journal={Geochem. Geophys. Geosyst.},
  volume={10},
  doi ={10.1029/2009GC002540},
  year={2009}
}

@article{crotwell1999srl,
  title={The TauP Too~kit: Flexible Seismic Travel-time
and Ray-path Utilities},
  author={Crotwell, HP and Owens, TJ and Ritsema, J},
  journal={Seism. Res. Lett.},
  volume={50},
  pages ={154-160},
  year={1999}
}
 

@article{demontserrat2021,
  title={Extrinsic anisotropy of two-phase Newtonian1aggregates. Fabric characterisation and parametrisation},
  author={de Montserrat, A and Faccenda, M},
  journal={J. Geophys. Res.},
  volume={126},
  doi={https://doi.org/10.1029/2021JB022232},
  year={2021}
}
  
@article{faccenda2013g3,
  title={Seismic anisotropy around subduction zones: insights from three-dimensional modeling of upper mantle deformation and SKS splitting calculations},
  author={Faccenda, M and Capitanio, F},
  journal={Geochem. Geophys. Geosyst.},
  doi = {10.1002/ggge.20055},
  year={2013},
}

@article{faccenda2014pepi,
  title={Mid mantle seismic anisotropy around subduction zones},
  author={Faccenda, M},
  journal={Phys. Earth Planet. Int.},
  volume={227},
  pages={1-19},
  year={2014},
  doi={10.1016/j.pepi.2013.11.015},
  publisher={Elsevier}
}

@article{faccenda2019JGR,
  title={Extrinsic anisotropy in a compositionally heterogeneous mantle},
  author={Faccenda, M and Ferreira, AMG and Tisato, N and Lithgow-Bertelloni, C and Stixrude, L and Pennacchioni, G},
  journal={J. Geophys. Res.},
  doi ={10.1029/2018JB016482},
  volume={124},
  year={2019},
}

@article{ferreira2019natgeo,
  title={Ubiquitous lower-mantle anisotropy beneath subduction zones},
  author={Ferreira, AMG and Faccenda, M and Sturgeon, W and Chang, S-J and Schardong, L},
  journal={Nat. Geo.},
  volume={12},
  pages={301-306},
  doi ={10.1038/s41561-019-0325-7},
  year={2019},
}

@article{gerya2003pepi,
  title={Characteristics-based marker-in-cell method with conservative finite-differences schemes for modeling geological flows with strongly variable transport properties},
  author={Gerya, TV and Yuen, DA},
  journal={Phys. Earth Planet. Sci.},
  volume={140},
  pages={293-318},
  year={2003},
}

@article{hedjazian2017EPSL,
  title={Age-independent seismic anisotropy under oceanic plates explained by strain history in the asthenosphere},
  author={Hedjazian, N and Garel, F and Davies, DR and Kaminski, E},
  journal={Earth Planet. Sci. Lett.},
  volume={460},
  pages={135-142},
  doi ={10.1016/j.epsl.2016.12.004},
  year={2017},
  publisher={Elsevier}
}

@article{hirschmann2003geology,
  title={Alkalic magmas generated by partial melting of garnet pyroxenite},
  author={Hirschmann, MM and Kogiso, T and Baker, MB and Stopler, EM},
  journal={Geology},
  volume={31},
  pages={481-484},
  year={2003}
}

@article{hornby1994,
  title={Anisotropic effective-medium modeling of the elastic properties of shales},
  author={Hornby, BE and Schwartz, LM and Huson, JA},
  journal={Geophysics},
  volume={59},
  pages={1570-1583},
  year={1994}
}

@article{hu2017EPSL,
  title={Subduction-controlled mantle flow and seismic anisotropy in South America},
  author={Hu, J and Faccenda, M and Liu, L},
  journal={Earth Planet. Sci. Lett.},
  volume={470},
  pages={3-24},
  doi ={10.1016/j.epsl.2017.04.027},
  year={2017},
  publisher={Elsevier}
}

@article{isaak1992jgr,
  title={High-temperature elasticity of iron-bearing olivines},
  author={Isaak, DG},
  journal={J. Geophys. Res.},
  volume={97},
  pages={1871–1885},
  year={1992}
}

@article{jackson2007pepi,
  title={Sound velocities and single-crystal elasticity of orthoenstatite to 1073K at ambient pressure},
  author={Jackson, JM and Sinogeikin, SV and Bass, JD},
  journal={Phys. Earth Planet. Int.},
  volume={171},
  pages={1-12},
  year={2007},
  publisher={Elsevier}
}

@article{kageyama2004g3,
  title={‘‘Yin-Yang grid’’: An overset grid in spherical geometry},
  author={Kageyama, A and Sato, T},
  journal={Geochem. Geophys. Geosys.},
  volume={5},
  doi={10.1029/2004GC000734},
  year={2004}
}

@article{kaminski2004gji,
  title={D-Rex, a program for calculation of seismic anisotropy due to crystal lattice preferred orientation in the convective upper mantle},
  author={Kaminski, E and Ribe, NM and Browaeys, T},
  journal={Geophys. J. Int.},
  volume={158},
  pages={744-752},
  doi ={10.1111/j.1365-246X.2004.02308.x},
  year={2004}
}

@article{karki2000prb,
  title={High-pressure lattice dynamics and thermoelasticity of MgO},
  author={Karki, BB and Wentzcovitch, RM and de Gironcoli, S and Baroni, S},
  journal={Phys. Rev. B},
  volume={61},
  pages={8793–8800},
  year={2000}
}

@article{katz2006,
  title={The dynamics of melt and shear localization in partially molten aggregates},
  author={Katz, RF and Spiegelman, M and Holtzman, B},
  journal={Nature},
  volume={442},
  pages={676-679},
  year={2006}
}


@article{kelemen1986contrmin,
  title={Assimilation of peridotite in zoned calc-alkaline plutonic complexes: evidence from the Big Jim complex, Washington Cascades},
  author={Kelemen, PB and Ghiorso, MS},
  journal={Contrib. Min.},
  volume={94},
  pages={12-28},
  year={1986}
}

@article{leveque1999gji,
  title={From ACH tomographic models to absolute velocity models},
  author={Lévêque, JJ and Masson, F},
  journal={Geophys. J. Int.},
  volume={137},
  pages={621-629},
  year={1999}
}

@article{masson2017gji,
  title={Box tomography: localized imaging of remote targets buried in an unknown medium, a step forward for understanding key structures in the deep Earth},
  author={Masson, Y and Romanowicz, B},
  journal={Geophys. J. Int.},
  volume={211},
  pages={141-163},
  year={2017}
}

@article{mainprice1997tect,
  title={Modelling the anisotropic seismic properties of partially molten rocks found at mid-ocean ridges},
  author={Mainprice, D},
  journal={Phys. Rev. B},
  volume={279},
  number={1-4},
  pages={161-179},
  year={1997}
}

@incollection{mainprice2007tg,
  author      = "Mainprice, D",
  title       = "Seismic anisotropy of the deep Earth from a mineral and rock physics perspective",
  editor      = "Schubert, G",
  booktitle   = "Treatise on Geophysics",
  publisher   = "Elsevier",
  address     = "Amsterdam",
  year        = 2007,
  pages       = "437-492",
  doi         = "10.1016/B978‐044452748‐6/00045‐6"
}

@incollection{mainprice2011gsl,
  author      = "Mainprice, D and Hielscher, R and Schaeben, H",
  title       = "Calculating anisotropic physical properties from texture data using the MTEX open source package",
  editor      = "Prior, DJ and Rutter, EH and Tatham, DJ ",
  booktitle   = "Deformation Mechanisms: Rheology and Tectonics: Microstructures. Mechanics and Anisotropy",
  publisher   = "Geological Society",
  address     = "London",
  year        = 2011,
  pages       = "175-192"
}

@article{mclaughlin1977,
  title={A study of the differential scheme for composite materials},
  author={McLaughlin, RA},
  journal={Int. J. Eng. Sci.},
  volume={15},
  pages={237-244},
  year={1977}
}

@article{munzarova2018gji,
  title={Novel anisotropic teleseismic body-wave tomography code AniTomo to illuminate heterogeneous anisotropic upper mantle: Part I—Theory and inversion tuning with realistic synthetic data},
  author={Munzarová, H and Plomerová, J and Kissling, E},
  journal={Geophys. J. Int.},
  volume={215},
  pages={524-545},
  year={2018}
}

@article{oganovono2004nature,
  title={Theoretical and experimental evidence for a post-perovskite phase of ${M}g{S}i{O}_3$ in Earth’s D" layer},
  author={Oganov, AR and Ono, S},
  journal={Nature},
  volume={430},
  pages={445-448},
  year={2004}
}

@article{olson1984jgr,
  title={Mixing of passive heterogeneities by mantle convection},
  author={Olson, P and Yuen, DA and Balsiger, D},
  journal={J. Geophys. Res.},
  volume={89},
  number={B1},
  pages={425-436},
  doi ={10.1029/JB089iB01p00425},
  year={1984}
}

@article{oganov2004nature,
  title={Theoretical and experimental evidence for a post-perovskite phase of MgSiO3 in Earth’s D′′ layer},
  author={Oganov, AR and Ono, S},
  journal={Nature},
  volume={430},
  pages={445-448},
  year={2004}
}

@article{paige1982,
  title={LSQR: An algorithm for sparse linear equations and sparse least squares},
  author={Paige, CC and Saunders, MA},
  journal={ACM Transactions on Mathematical Software (TOMS)},
  volume={8},
  pages={43-71},
  year={1982}
}

@article{schmandt2010g3,
  title={Seismic heterogeneity and small‐scale convection in the southern California upper mantle},
  author={Schmandt, B and Humphreys, E},
  journal={Geochem. Geophys. Geosys.},
  volume={11},
  year={2010}
}

@article{sieminski2008bssa,
  title={Finite-Frequency SKS Splitting: Measurement and Sensitivity Kernels},
  author={Sieminski, A and Paulssen, H and Trampert, J and Tromp, J },
  journal={Bull. Seismol. Soc. Am.},
  volume={98},
  pages={1797-1810},
  number={5},
  doi={10.1785/0120070297},
  year={2008}
  }


@article{sinogeikin2002epsl,
  title={Elasticity of pyrope and majorite – pyrope solid solutions to high temperatures},
  author={Sinogeikin, SV and Bass, JD},
  journal={Earth Planet. Sci. Lett.},
  volume={203},
  pages={549-555},
  year={2002},
  publisher={Elsevier}
}

@article{sinogeikin2003pepi,
  title={Single-crystal elasticity of ringwoodite to high pressures and high temperatures: implications for 520 km seismic discontinuity},
  author={Sinogeikin, SV and Bass, JD and Katsura, K},
  journal={Phys. Earth Planet. Int.},
  volume={136},
  pages={41-66},
  year={2003},
  publisher={Elsevier}
}

@article{stixrude2011gji,
  title={Thermodynamics of mantle minerals—II. Phase equilibria},
  author={Stixrude, L and Lithgow-Bertelloni, C},
  journal={Geophys. J. Int.},
  volume={184},
  pages={1180-1213},
  doi ={10.1111/j.1365‐246X.2010.04890.x},
  year={2011}
}

@article{stixrude2012ar,
  title={Geophysics of chemical heterogeneity in the mantle},
  author={Stixrude, L and Lithgow-Bertelloni, C},
  journal={Annual Review of Earth and Planetary Sciences},
  volume={40},
  pages={569-595},
  doi ={10.1146/annurev.earth.36.031207.124244},
  year={2012}
}

@article{sturgeon2019g3,
  title={On the Origin of Radial Anisotropy Near Subducted Slabs in the Midmantle},
  author={Sturgeon, W and Ferreira, AMG and Faccenda, M and Chang, S-J and Schardong, L},
  journal={Geochem. Geophys. Geosyst.},
  doi ={10.1029/2019GC008462},
  year={2019}
}

@article{toomey1989jgr,
  title={Tomographic inversion of local earthquake data from the Hengill‐Grensdalur central volcano complex, Iceland},
  author={Toomey, DR and Foulger, GR},
  journal={J. Geophys. Res},
  volume={94},
  pages={17497-17510},
  year={1989}
}

@article{toomey1994jgr,
  title={Tomographic imaging of the shallow crustal structure of the East Pacific Rise at 9$^{\circ}$ 30$' $ N},
  author={Toomey, DR and Solomon, SC and Purdy, GM},
  journal={J. Geophys. Res},
  volume={99},
  pages={24135-24157},
  year={1994}
}

@article{vanderbeek2021,
  title={Imaging realistic upper mantle anisotropy with teleseismic P-wave delays: Insights from tomographic reconstructions of subduction simulations},
  author={VanderBeek, BP and Faccenda, M},
  journal={Geophys. J. Int},
  volume={225},
  pages={2097-2119},
  year={2021}
}

@article{vanderbeek2023,
  title={Imaging upper mantle anisotropy with travel-time and splitting intensity observations from teleseismic shear waves: Insights from tomographic reconstructions of subduction simulations},
  author={VanderBeek, BP and Lo Bue, R and Rappisi, F and Faccenda, M},
  journal={Geophys. J. Int},
  volume={235},
  pages={2640-2670},
  year={2023}
}

@article{wentz2004prl,
  title={Properties of ${M}g{S}i{O}_3$-Perovskite: Insights on the Nature of the Earth’s Lower Mantle},
  author={Wentzcovitch, RM and Karki, BB and Cococcioni, M and de Gironcoli, S},
  journal={Phys. Rev. Lett.},
  volume={92},
  year={2004}
}

@article{workman2005epsl,
  title={Major and trace element composition of the depleted MORB mantle},
  author={Workman, RK and Hart, SR},
  journal={Earth Planet. Sci. Lett.},
  volume={231},
  pages={53-72},
  year={2005}
}

@article{zha1997EPSL,
  title={Single-crystal elasticity of $\beta {M}g_2{S}i{O}_4$, to the pressure of the 410km seismic discontinuity in the Earth’s mantle},
  author={Zha, C and Duffy, TS and Mao, H and Downs, RT and Hemley, RJ and Weidner, DJ},
  journal={Earth Planet. Sci. Lett.},
  volume={147},
  pages={E9-E15},
  year={1997},
  publisher={Elsevier}
}

@article{zha1998EPSL,
  title={Brillouin scattering and X-ray diffraction of San Carlos olivine: direct pressure determination to 32 GPa},
  author={Zha, C and Duffy, TS and Downs, RT and Mao, H and Hemley, RJ},
  journal={Earth Planet. Sci. Lett.},
  volume={159},
  pages={25-33},
  year={1998},
  publisher={Elsevier}
}

@article{zhang2013EPSL,
  title={Elastic properties of ${M}g{S}i{O}_3$-perovskite under lower mantle conditions and the composition of the deep Earth},
  author={Zhang, Z and Stixrude, L and Brodholt, J},
  journal={Earth Planet. Sci. Lett.},
  volume={379},
  pages={1-12},
  year={2013},
  publisher={Elsevier}
}

@article{zhang2016EPSL,
  title={High-pressure, temperature elasticity of $Fe$- and $Al$-bearing ${M}g{S}i{O}_3$: Implications for the Earth’s lower mantle},
  author={Zhang, Z and Cottaar, S and Tao, L and Stackhouse, S and Militzer, B.},
  journal={Earth Planet. Sci. Lett.},
  volume={434},
  pages={264-273},
  year={2016},
  publisher={Elsevier}
}

@article{zhou2022natcomm,
  title={Constraining composition and temperature variations in the mantle transition zone},
  author={Zhou, W-Y and Hao, M and Zhang, JS and Chen, B and Wang, R and Schamndt, B},
  journal={Nat. Coom.},
  volume={13:1094},
  doi={10.1038/s41467-022-28709-7},
  year={2022},
}

@inproceedings{jordan2001array,
  title={Array Beam pattern Control for Measurement of Propeller Noise},
  author={Jordan, Peter and Fitzpatrick, John and Meskell, Craig},
  booktitle={AIAA/CEAS Aeroacoustics Conference and Exhibit, Maastricht, Netherlands},
  year={2001}
}

@book{paidoussis2010fluid,
  title={Fluid-structure interactions: cross-flow-induced instabilities},
  author={Pa{\"\i}doussis, Michael P and Price, Stuart J and De Langre, Emmanuel},
  year={2010},
  publisher={Cambridge University Press}
}

@techreport{reyes2007power,
  title={Power Uprate Program Status Report-Secy-07-0090},
  author={Reyes, L},
  year={2007},
  institution={Technical Report, US Nuclear Regulatory Commission}
}

@online{iea2011,
author = {{International Energy Agency}},
title  = {{Technology Roadmap --- Geothermal Heat and Power}},
date   = {2011},
note = {\url{https://www.iea.org/publications/freepublications/publication/Geothermal_Roadmap.pdf}},
}

@article{shustek2008interview,
  title={Interview Donald Knuth: A life's work interrupted},
  author={Shustek, Len and Interviewee-Knuth, Donald},
  journal={Communications of the ACM},
  volume={51},
  number={8},
  pages={31--35},
  year={2008},
  publisher={ACM}
}

@article{oetiker2001not,
  title={The not so short introduction to LATEX 2$\varepsilon$},
  author={Oetiker, Tobias and Partl, Hubert and Hyna, Irene and Schlegl, Elisabeth},
  year={2001},
  note={\url{https://doi.org/10.3929/ethz-a-004398225}}
}